% This file was created with JabRef 2.3.1.
% Encoding: UTF-8

@BOOK{Jurafsky2009,
  title = {Speech and Language Processing},
  publisher = {Prentice Hall},
  year = {2009},
  author = {Daniel Jurafsky and James H. Martin},
  edition = {2nd}
}

@INPROCEEDINGS{Koehn2005,
  author = {Philipp Koehn},
  title = {{Europarl: A Parallel Corpus for Statistical Machine Translation}},
  booktitle = {Proceedings of the MT Summit 2005},
  year = {2005},
  pages = {79--86},
  url = {http://www.iccs.inf.ed.ac.uk/~pkoehn/publications/europarl-mtsummit05.pdf}
}


@BOOK{Manning2000,
  title = {Foundations of Statistical Natural Language Processing},
  publisher = {The MIT Press},
  year = {2000},
  author = {Christopher D. Manning and Hinrich Sch√ºtze},
  address = {Cambridge, Massachusetts; London, England},
  abstract = {Chapter 13: Statistical Alignment and Machine Translation}
}


@inproceedings{Masc2014,
	Address = {Hildesheim},
	Author = {Laura Mascarell and Mark Fishel and Natalia Korchagina and Martin Volk},
	Booktitle = {Proceedings of KONVENS},
	Title = {Enforcing Consistent Translation of {German} Compound Coreferences},
	Year = {2014}
}
